@ARTICLE{2017PASP..129f5003W,
   author = {{Wells}, M. and {Prsra}, A. and {Jones}, L. and {Yoachim}, P.
  },
    title = "{Initial Estimates on the Performance of the LSST on the Detection of Eclipsing Binaries}",
  journal = {\pasp},
archivePrefix = "arXiv",
   eprint = {1703.06916},
 primaryClass = "astro-ph.IM",
     year = 2017,
    month = jun,
   volume = 129,
   number = 6,
    pages = {065003},
      doi = {10.1088/1538-3873/aa682a},
   adsurl = {http://adsabs.harvard.edu/abs/2017PASP..129f5003W},
  adsnote = {Provided by the SAO/NASA Astrophysics Data System}
}

@ARTICLE{2017ApJ...839...87B,
   author = {{Bizyaev}, D. and {Walterbos}, R.~A.~M. and {Yoachim}, P. and 
    {Riffel}, R.~A. and {Fern{\'a}ndez-Trincado}, J.~G. and {Pan}, K. and 
    {Diamond-Stanic}, A.~M. and {Jones}, A. and {Thomas}, D. and 
    {Cleary}, J. and {Brinkmann}, J.},
    title = "{SDSS IV MaNGA{\mdash}Rotation Velocity Lags in the Extraplanar Ionized Gas from MaNGA Observations of Edge-on Galaxies}",
  journal = {\apj},
archivePrefix = "arXiv",
   eprint = {1704.02582},
 keywords = {galaxies: ISM, galaxies: kinematics and dynamics, galaxies: spiral, intergalactic medium },
     year = 2017,
    month = apr,
   volume = 839,
      eid = {87},
    pages = {87},
      doi = {10.3847/1538-4357/aa6979},
   adsurl = {http://adsabs.harvard.edu/abs/2017ApJ...839...87B},
  adsnote = {Provided by the SAO/NASA Astrophysics Data System}
}

@ARTICLE{2016ApJ...829...50A,
   author = {{Awan}, H. and {Gawiser}, E. and {Kurczynski}, P. and {Jones}, R.~L. and 
    {Zhan}, H. and {Padilla}, N.~D. and {Mu{\~n}oz Arancibia}, A.~M. and 
    {Orsi}, A. and {Cora}, S.~A. and {Yoachim}, P.},
    title = "{Testing LSST Dither Strategies for Survey Uniformity and Large-scale Structure Systematics}",
  journal = {\apj},
archivePrefix = "arXiv",
   eprint = {1605.00555},
 keywords = {dark energy, large-scale structure of universe, surveys},
     year = 2016,
    month = sep,
   volume = 829,
      eid = {50},
    pages = {50},
      doi = {10.3847/0004-637X/829/1/50},
   adsurl = {http://adsabs.harvard.edu/abs/2016ApJ...829...50A},
  adsnote = {Provided by the SAO/NASA Astrophysics Data System}
}

@ARTICLE{2015A&A...584A..34C,
   author = {{Comer{\'o}n}, S. and {Salo}, H. and {Janz}, J. and {Laurikainen}, E. and 
    {Yoachim}, P.},
    title = "{Galactic archaeology of a thick disc: Excavating ESO 533-4 with VIMOS}",
  journal = {\aap},
archivePrefix = "arXiv",
   eprint = {1509.03841},
 keywords = {galaxies: individual: ESO 533-4, galaxies: kinematics and dynamics, galaxies: spiral, galaxies: structure, galaxies: evolution, galaxies: formation},
     year = 2015,
    month = dec,
   volume = 584,
      eid = {A34},
    pages = {A34},
      doi = {10.1051/0004-6361/201526815},
   adsurl = {http://adsabs.harvard.edu/abs/2015A%26A...584A..34C},
  adsnote = {Provided by the SAO/NASA Astrophysics Data System}
}

@ARTICLE{2015ApJ...804..125L,
   author = {{Li}, C. and {Wang}, E. and {Lin}, L. and {Bershady}, M.~A. and 
    {Bundy}, K. and {Tremonti}, C.~A. and {Xiao}, T. and {Yan}, R. and 
    {Bizyaev}, D. and {Blanton}, M. and {Cales}, S. and {Cherinka}, B. and 
    {Cheung}, E. and {Drory}, N. and {Emsellem}, E. and {Fu}, H. and 
    {Gelfand}, J. and {Law}, D.~R. and {Lin}, L. and {MacDonald}, N. and 
    {Maraston}, C. and {Masters}, K.~L. and {Merrifield}, M.~R. and 
    {Pan}, K. and {S{\'a}nchez}, S.~F. and {Schneider}, D.~P. and 
    {Thomas}, D. and {Wake}, D. and {Wang}, L. and {Weijmans}, A.-M. and 
    {Wilkinson}, D. and {Yoachim}, P. and {Zhang}, K. and {Zheng}, T.
    },
    title = "{P-MaNGA: Gradients in Recent Star Formation Histories as Diagnostics for Galaxy Growth and Death}",
  journal = {\apj},
archivePrefix = "arXiv",
   eprint = {1502.07040},
 keywords = {galaxies: evolution, galaxies: formation, galaxies: general, galaxies: stellar content, methods: observational, surveys},
     year = 2015,
    month = may,
   volume = 804,
      eid = {125},
    pages = {125},
      doi = {10.1088/0004-637X/804/2/125},
   adsurl = {http://adsabs.harvard.edu/abs/2015ApJ...804..125L},
  adsnote = {Provided by the SAO/NASA Astrophysics Data System}
}

@ARTICLE{2015ApJ...799...19Q,
   author = {{Qing}, G. and {Wang}, W. and {Liu}, J.-F. and {Yoachim}, P.
    },
    title = "{The Distance Measurement of NGC 1313 with Cepheids}",
  journal = {\apj},
 keywords = {distance scale, stars: individual: Cepheids},
     year = 2015,
    month = jan,
   volume = 799,
      eid = {19},
    pages = {19},
      doi = {10.1088/0004-637X/799/1/19},
   adsurl = {http://adsabs.harvard.edu/abs/2015ApJ...799...19Q},
  adsnote = {Provided by the SAO/NASA Astrophysics Data System}
}

@ARTICLE{2014ApJ...788..146S,
   author = {{Spencer}, M. and {Loebman}, S. and {Yoachim}, P.},
    title = "{A Survey of Satellite Galaxies around NGC 4258}",
  journal = {\apj},
archivePrefix = "arXiv",
   eprint = {1404.7222},
 keywords = {galaxies: dwarf, galaxies: individual: NGC 4258, galaxies: kinematics and dynamics, galaxies: spiral, galaxies: structure, techniques: spectroscopic},
     year = 2014,
    month = jun,
   volume = 788,
      eid = {146},
    pages = {146},
      doi = {10.1088/0004-637X/788/2/146},
   adsurl = {http://adsabs.harvard.edu/abs/2014ApJ...788..146S},
  adsnote = {Provided by the SAO/NASA Astrophysics Data System}
}

@ARTICLE{2013AJ....145..138B,
   author = {{Blanc}, G.~A. and {Weinzirl}, T. and {Song}, M. and {Heiderman}, A. and 
    {Gebhardt}, K. and {Jogee}, S. and {Evans}, II, N.~J. and {van den Bosch}, R.~C.~E. and 
    {Luo}, R. and {Drory}, N. and {Fabricius}, M. and {Fisher}, D. and 
    {Hao}, L. and {Kaplan}, K. and {Marinova}, I. and {Vutisalchavakul}, N. and 
    {Yoachim}, P.},
    title = "{The VIRUS-P Exploration of Nearby Galaxies (VENGA): Survey Design, Data Processing, and Spectral Analysis Methods}",
  journal = {\aj},
archivePrefix = "arXiv",
   eprint = {1303.1552},
 keywords = {galaxies: general, galaxies: kinematics and dynamics, galaxies: spiral, ISM: kinematics and dynamics, methods: data analysis, surveys },
     year = 2013,
    month = may,
   volume = 145,
      eid = {138},
    pages = {138},
      doi = {10.1088/0004-6256/145/5/138},
   adsurl = {http://adsabs.harvard.edu/abs/2013AJ....145..138B},
  adsnote = {Provided by the SAO/NASA Astrophysics Data System}
}

@ARTICLE{2012ApJ...757..166B,
   author = {{Berry}, M. and {Ivezi{\'c}}, {\v Z}. and {Sesar}, B. and {Juri{\'c}}, M. and 
    {Schlafly}, E.~F. and {Bellovary}, J. and {Finkbeiner}, D. and 
    {Vrbanec}, D. and {Beers}, T.~C. and {Brooks}, K.~J. and {Schneider}, D.~P. and 
    {Gibson}, R.~R. and {Kimball}, A. and {Jones}, L. and {Yoachim}, P. and 
    {Krughoff}, S. and {Connolly}, A.~J. and {Loebman}, S. and {Bond}, N.~A. and 
    {Schlegel}, D. and {Dalcanton}, J. and {Yanny}, B. and {Majewski}, S.~R. and 
    {Knapp}, G.~R. and {Gunn}, J.~E. and {Allyn Smith}, J. and {Fukugita}, M. and 
    {Kent}, S. and {Barentine}, J. and {Krzesinski}, J. and {Long}, D.
    },
    title = "{The Milky Way Tomography with Sloan Digital Sky Survey. IV. Dissecting Dust}",
  journal = {\apj},
archivePrefix = "arXiv",
   eprint = {1111.4985},
 keywords = {catalogs, dust, extinction, stars: statistics, surveys},
     year = 2012,
    month = oct,
   volume = 757,
      eid = {166},
    pages = {166},
      doi = {10.1088/0004-637X/757/2/166},
   adsurl = {http://adsabs.harvard.edu/abs/2012ApJ...757..166B},
  adsnote = {Provided by the SAO/NASA Astrophysics Data System}
}

@ARTICLE{2012ApJ...752...97Y,
   author = {{Yoachim}, P. and {Ro{\v s}kar}, R. and {Debattista}, V.~P.},
    title = "{Spatially Resolved Spectroscopic Star Formation Histories of nearby Disks: Hints of Stellar Migration}",
  journal = {\apj},
archivePrefix = "arXiv",
   eprint = {1204.0026},
 keywords = {galaxies: formation, galaxies: kinematics and dynamics, galaxies: structure },
     year = 2012,
    month = jun,
   volume = 752,
      eid = {97},
    pages = {97},
      doi = {10.1088/0004-637X/752/2/97},
   adsurl = {http://adsabs.harvard.edu/abs/2012ApJ...752...97Y},
  adsnote = {Provided by the SAO/NASA Astrophysics Data System}
}

@ARTICLE{2010ApJ...716L...4Y,
   author = {{Yoachim}, P. and {Ro{\v s}kar}, R. and {Debattista}, V.~P.},
    title = "{Integral Field Unit Spectroscopy of the Stellar Disk Truncation Region of NGC 6155}",
  journal = {\apjl},
archivePrefix = "arXiv",
   eprint = {1005.0851},
 keywords = {galaxies: formation, galaxies: individual: NGC 6155, galaxies: spiral, galaxies: stellar content, galaxies: structure},
     year = 2010,
    month = jun,
   volume = 716,
    pages = {L4-L8},
      doi = {10.1088/2041-8205/716/1/L4},
   adsurl = {http://adsabs.harvard.edu/abs/2010ApJ...716L...4Y},
  adsnote = {Provided by the SAO/NASA Astrophysics Data System}
}

@ARTICLE{2009AJ....137.4707M,
   author = {{McCommas}, L.~P. and {Yoachim}, P. and {Williams}, B.~F. and 
    {Dalcanton}, J.~J. and {Davis}, M.~R. and {Dolphin}, A.~E.},
    title = "{The ACS Nearby Galaxy Survey Treasury. III. Cepheids in the Outer Disk of M81}",
  journal = {\aj},
archivePrefix = "arXiv",
   eprint = {0903.4191},
 primaryClass = "astro-ph.CO",
 keywords = {Cepheids, galaxies: distances and redshifts, galaxies: individual: M81},
     year = 2009,
    month = jun,
   volume = 137,
    pages = {4707-4715},
      doi = {10.1088/0004-6256/137/6/4707},
   adsurl = {http://adsabs.harvard.edu/abs/2009AJ....137.4707M},
  adsnote = {Provided by the SAO/NASA Astrophysics Data System}
}

@ARTICLE{2009AJ....137.4697Y,
   author = {{Yoachim}, P. and {McCommas}, L.~P. and {Dalcanton}, J.~J. and 
    {Williams}, B.~F.},
    title = "{A Panoply of Cepheid Light Curve Templates}",
  journal = {\aj},
archivePrefix = "arXiv",
   eprint = {0903.4186},
 primaryClass = "astro-ph.SR",
 keywords = {Cepheids, distance scale, stars: general},
     year = 2009,
    month = jun,
   volume = 137,
    pages = {4697-4706},
      doi = {10.1088/0004-6256/137/6/4697},
   adsurl = {http://adsabs.harvard.edu/abs/2009AJ....137.4697Y},
  adsnote = {Provided by the SAO/NASA Astrophysics Data System}
}

@ARTICLE{2008ApJ...683..707Y,
   author = {{Yoachim}, P. and {Dalcanton}, J.~J.},
    title = "{Lick Indices in the Thin and Thick Disks of Edge-On Disk Galaxies}",
  journal = {\apj},
archivePrefix = "arXiv",
   eprint = {0805.4197},
 keywords = {galaxies: spiral, galaxies: stellar content, galaxies: structure },
     year = 2008,
    month = aug,
   volume = 683,
      eid = {707-721},
    pages = {707-721},
      doi = {10.1086/590246},
   adsurl = {http://adsabs.harvard.edu/abs/2008ApJ...683..707Y},
  adsnote = {Provided by the SAO/NASA Astrophysics Data System}
}

@ARTICLE{2008ApJ...682.1004Y,
   author = {{Yoachim}, P. and {Dalcanton}, J.~J.},
    title = "{The Kinematics of Thick Disks in Nine External Galaxies}",
  journal = {\apj},
archivePrefix = "arXiv",
   eprint = {0804.3966},
 keywords = {galaxies: formation, galaxies: kinematics and dynamics, galaxies: structure },
     year = 2008,
    month = aug,
   volume = 682,
      eid = {1004-1019},
    pages = {1004-1019},
      doi = {10.1086/589553},
   adsurl = {http://adsabs.harvard.edu/abs/2008ApJ...682.1004Y},
  adsnote = {Provided by the SAO/NASA Astrophysics Data System}
}

@ARTICLE{2007ASSP....3...29D,
   author = {{Dalcanton}, J.~J. and {Seth}, A.~C. and {Yoachim}, P.},
    title = "{Extragalactic Thick Disks}",
  journal = {Astrophysics and Space Science Proceedings},
 keywords = {Physics},
     year = 2007,
   volume = 3,
    pages = {29},
      doi = {10.1007/978-1-4020-5573-7_4},
   adsurl = {http://adsabs.harvard.edu/abs/2007ASSP....3...29D},
  adsnote = {Provided by the SAO/NASA Astrophysics Data System}
}

@ARTICLE{2006AJ....131..226Y,
   author = {{Yoachim}, P. and {Dalcanton}, J.~J.},
    title = "{Structural Parameters of Thin and Thick Disks in Edge-on Disk Galaxies}",
  journal = {\aj},
   eprint = {astro-ph/0508460},
 keywords = {Galaxies: Evolution, Galaxies: Formation, Galaxies: Structure},
     year = 2006,
    month = jan,
   volume = 131,
    pages = {226-249},
      doi = {10.1086/497970},
   adsurl = {http://adsabs.harvard.edu/abs/2006AJ....131..226Y},
  adsnote = {Provided by the SAO/NASA Astrophysics Data System}
}

@ARTICLE{2005ApJ...624..701Y,
   author = {{Yoachim}, P. and {Dalcanton}, J.~J.},
    title = "{The Kinematics of Thick Disks in External Galaxies}",
  journal = {\apj},
   eprint = {astro-ph/0501394},
 keywords = {Galaxies: Formation, Galaxies: Kinematics and Dynamics, Galaxies: Spiral, Galaxies: Structure},
     year = 2005,
    month = may,
   volume = 624,
    pages = {701-713},
      doi = {10.1086/428922},
   adsurl = {http://adsabs.harvard.edu/abs/2005ApJ...624..701Y},
  adsnote = {Provided by the SAO/NASA Astrophysics Data System}
}

@ARTICLE{2004ApJ...608..189D,
   author = {{Dalcanton}, J.~J. and {Yoachim}, P. and {Bernstein}, R.~A.},
    title = "{The Formation of Dust Lanes: Implications for Galaxy Evolution}",
  journal = {\apj},
   eprint = {astro-ph/0402472},
 keywords = {ISM: Dust, Extinction, Galaxies: Formation, Galaxies: ISM, Galaxies: Spiral, ISM: Structure, Stars: Formation},
     year = 2004,
    month = jun,
   volume = 608,
    pages = {189-207},
      doi = {10.1086/386358},
   adsurl = {http://adsabs.harvard.edu/abs/2004ApJ...608..189D},
  adsnote = {Provided by the SAO/NASA Astrophysics Data System}
}

