@ARTICLE{2017arXiv170609507G,
   author = {{Graham}, M.~L. and {Connolly}, A.~J. and {Ivezi{\'c}}, {\v Z}. and 
    {Schmidt}, S.~J. and {Jones}, R.~L. and {Juri{\'c}}, M. and 
    {Daniel}, S.~F. and {Yoachim}, P.},
    title = "{Photometric Redshifts with the LSST: Evaluating Survey Observing Strategies}",
  journal = {ArXiv e-prints},
archivePrefix = "arXiv",
   eprint = {1706.09507},
 keywords = {Astrophysics - Cosmology and Nongalactic Astrophysics, Astrophysics - Astrophysics of Galaxies},
     year = 2017,
    month = jun,
   adsurl = {http://adsabs.harvard.edu/abs/2017arXiv170609507G},
  adsnote = {Provided by the SAO/NASA Astrophysics Data System}
}

@INPROCEEDINGS{2016SPIE.9906E..0OI,
   author = {{Ingraham}, P. and {Stubbs}, C.~W. and {Claver}, C. and {Lupton}, R. and 
    {Araujo}, C. and {Liang}, M. and {Andrew}, J. and {Barr}, J. and 
    {Brannon}, K. and {Coughlin}, M. and {Fisher-Lavine}, M. and 
    {Gressler}, W. and {Sebag}, J. and {Thomas}, S. and {Wiecha}, O. and 
    {Yoachim}, P.},
    title = "{The LSST calibration hardware system design and development}",
booktitle = {Ground-based and Airborne Telescopes VI},
     year = 2016,
   series = {\procspie},
   volume = 9906,
    month = aug,
      eid = {99060O},
    pages = {99060O},
      doi = {10.1117/12.2233404},
   adsurl = {http://adsabs.harvard.edu/abs/2016SPIE.9906E..0OI},
  adsnote = {Provided by the SAO/NASA Astrophysics Data System}
}

@INPROCEEDINGS{2016SPIE.9910E..1AY,
   author = {{Yoachim}, P. and {Coughlin}, M. and {Angeli}, G.~Z. and {Claver}, C.~F. and 
    {Connolly}, A.~J. and {Cook}, K. and {Daniel}, S. and {Ivezi{\'c}}, {\v Z}. and 
    {Jones}, R.~L. and {Petry}, C. and {Reuter}, M. and {Stubbs}, C. and 
    {Xin}, B.},
    title = "{An optical to IR sky brightness model for the LSST}",
booktitle = {Observatory Operations: Strategies, Processes, and Systems VI},
     year = 2016,
   series = {\procspie},
   volume = 9910,
    month = jul,
      eid = {99101A},
    pages = {99101A},
      doi = {10.1117/12.2232947},
   adsurl = {http://adsabs.harvard.edu/abs/2016SPIE.9910E..1AY},
  adsnote = {Provided by the SAO/NASA Astrophysics Data System}
}

@INPROCEEDINGS{2016pyas.confE..35R,
   author = {{Robitaille}, T. and {Cruz}, K. and {Greenfield}, P. and {Jeschke}, E. and 
    {Juric}, M. and {Mumford}, S. and {Prescod-Weinstein}, C. and 
    {Sosey}, M. and {Tollerud}, E. and {VanderPlas}, J. and {Ford}, J. and 
    {Foreman-Mackey}, D. and {Jenness}, T. and {Aldcroft}, T. and 
    {Alexandersen}, M. and {Bannister}, M. and {Barbary}, K. and 
    {Barentsen}, G. and {Bennett}, S. and {Boquien}, M. and {Campos Rozo}, J.~I. and 
    {Christe}, S. and {Corrales}, L. and {Craig}, M. and {Deil}, C. and 
    {Dencheva}, N. and {Donath}, A. and {Douglas}, S. and {Ferreira}, L. and 
    {Ginsburg}, A. and {Goldbaum}, N. and {Gordon}, K. and {Hearin}, A. and 
    {Hummels}, C. and {Huppenkothen}, D. and {Jennings}, E. and 
    {King}, J. and {Lawler}, S. and {Leonard}, A. and {Lim}, P.~L. and 
    {McBride}, L. and {Morris}, B. and {Nunez}, C. and {Owen}, R. and 
    {Parejko}, J. and {Patel}, E. and {Price-Whelan}, A. and {Ruggiero}, R. and 
    {Sipocz}, B. and {Stevens}, A. and {Turner}, J. and {Tuttle}, S. and 
    {Yanchulova Merica-Jones}, P. and {Yoachim}, P.},
    title = "{Python in Astronomy 2016 Unproceedings}",
booktitle = {Python in Astronomy 2016},
     year = 2016,
    month = mar,
      eid = {35},
    pages = {35},
      doi = {10.5281/zenodo.56793},
   adsurl = {http://adsabs.harvard.edu/abs/2016pyas.confE..35R},
  adsnote = {Provided by the SAO/NASA Astrophysics Data System}
}


@ARTICLE{2015arXiv151207914J,
   author = {{Juri{\'c}}, M. and {Kantor}, J. and {Lim}, K. and {Lupton}, R.~H. and 
    {Dubois-Felsmann}, G. and {Jenness}, T. and {Axelrod}, T.~S. and 
    {Aleksi{\'c}}, J. and {Allsman}, R.~A. and {AlSayyad}, Y. and 
    {Alt}, J. and {Armstrong}, R. and {Basney}, J. and {Becker}, A.~C. and 
    {Becla}, J. and {Bickerton}, S.~J. and {Biswas}, R. and {Bosch}, J. and 
    {Boutigny}, D. and {Carrasco Kind}, M. and {Ciardi}, D.~R. and 
    {Connolly}, A.~J. and {Daniel}, S.~F. and {Daues}, G.~E. and 
    {Economou}, F. and {Chiang}, H.-F. and {Fausti}, A. and {Fisher-Levine}, M. and 
    {Freemon}, D.~M. and {Gee}, P. and {Gris}, P. and {Hernandez}, F. and 
    {Hoblitt}, J. and {Ivezi{\'c}}, {\v Z}. and {Jammes}, F. and 
    {Jevremovi{\'c}}, D. and {Jones}, R.~L. and {Bryce Kalmbach}, J. and 
    {Kasliwal}, V.~P. and {Krughoff}, K.~S. and {Lang}, D. and {Lurie}, J. and 
    {Lust}, N.~B. and {Mullally}, F. and {MacArthur}, L.~A. and 
    {Melchior}, P. and {Moeyens}, J. and {Nidever}, D.~L. and {Owen}, R. and 
    {Parejko}, J.~K and {Peterson}, J.~M. and {Petravick}, D. and 
    {Pietrowicz}, S.~R. and {Price}, P.~A. and {Reiss}, D.~J. and 
    {Shaw}, R.~A. and {Sick}, J. and {Slater}, C.~T. and {Strauss}, M.~A. and 
    {Sullivan}, I.~S. and {Swinbank}, J.~D. and {Van Dyk}, S. and 
    {Vuj{\v c}i{\'c}}, V. and {Withers}, A. and {Yoachim}, P. and 
    {LSST Project}, f.~t.},
    title = "{The LSST Data Management System}",
  journal = {ArXiv e-prints},
archivePrefix = "arXiv",
   eprint = {1512.07914},
 primaryClass = "astro-ph.IM",
 keywords = {Astrophysics - Instrumentation and Methods for Astrophysics},
     year = 2015,
    month = dec,
   adsurl = {http://adsabs.harvard.edu/abs/2015arXiv151207914J},
  adsnote = {Provided by the SAO/NASA Astrophysics Data System}
}

@INPROCEEDINGS{2015AAS...22533641Y,
   author = {{Yoachim}, P. and {Jones}, R.~L. and {Chandrasekharan}, S. and 
    {Connolly}, A.~J. and {Cook}, K.~H. and {Ivezic}, Z. and {Krughoff}, K.~S. and 
    {Petry}, C.~E. and {Ridgway}, S.~T.},
    title = "{Analyzing Simulated LSST Surveys With MAF}",
booktitle = {American Astronomical Society Meeting Abstracts},
     year = 2015,
   series = {American Astronomical Society Meeting Abstracts},
   volume = 225,
    month = jan,
      eid = {336.41},
    pages = {336.41},
   adsurl = {http://adsabs.harvard.edu/abs/2015AAS...22533641Y},
  adsnote = {Provided by the SAO/NASA Astrophysics Data System}
}

@INPROCEEDINGS{2015AAS...22533640J,
   author = {{Jones}, R.~L. and {Yoachim}, P. and {Chandrasekharan}, S. and 
    {Connolly}, A.~J. and {Cook}, K.~H. and {Ivezic}, Z. and {Krughoff}, K.~S. and 
    {Petry}, C.~E. and {Ridgway}, S.~T.},
    title = "{The LSST Metrics Analysis Framework (MAF)}",
booktitle = {American Astronomical Society Meeting Abstracts},
     year = 2015,
   series = {American Astronomical Society Meeting Abstracts},
   volume = 225,
    month = jan,
      eid = {336.40},
    pages = {336.40},
   adsurl = {http://adsabs.harvard.edu/abs/2015AAS...22533640J},
  adsnote = {Provided by the SAO/NASA Astrophysics Data System}
}

@INPROCEEDINGS{2015AAS...22533639D,
   author = {{Daniel}, S. and {Krughoff}, K.~S. and {Yoachim}, P. and {Jones}, R.~L. and 
    {AlSayyad}, Y. and {Kalmbach}, B. and {Connolly}, A.~J. and 
    {Ivezic}, Z. and {LSST Image Simulation Team}},
    title = "{Simulating Optical Surveys with the LSST Software Stack}",
booktitle = {American Astronomical Society Meeting Abstracts},
     year = 2015,
   series = {American Astronomical Society Meeting Abstracts},
   volume = 225,
    month = jan,
      eid = {336.39},
    pages = {336.39},
   adsurl = {http://adsabs.harvard.edu/abs/2015AAS...22533639D},
  adsnote = {Provided by the SAO/NASA Astrophysics Data System}
}

@INPROCEEDINGS{2014SPIE.9150E..14C,
   author = {{Connolly}, A.~J. and {Angeli}, G.~Z. and {Chandrasekharan}, S. and 
    {Claver}, C.~F. and {Cook}, K. and {Ivezic}, Z. and {Jones}, R.~L. and 
    {Krughoff}, K.~S. and {Peng}, E.-H. and {Peterson}, J. and {Petry}, C. and 
    {Rasmussen}, A.~P. and {Ridgway}, S.~T. and {Saha}, A. and {Sembroski}, G. and 
    {vanderPlas}, J. and {Yoachim}, P.},
    title = "{An end-to-end simulation framework for the Large Synoptic Survey Telescope}",
booktitle = {Modeling, Systems Engineering, and Project Management for Astronomy VI},
     year = 2014,
   series = {\procspie},
   volume = 9150,
    month = aug,
      eid = {915014},
    pages = {915014},
      doi = {10.1117/12.2054953},
   adsurl = {http://adsabs.harvard.edu/abs/2014SPIE.9150E..14C},
  adsnote = {Provided by the SAO/NASA Astrophysics Data System}
}

@INPROCEEDINGS{2014SPIE.9149E..0BJ,
   author = {{Jones}, R.~L. and {Yoachim}, P. and {Chandrasekharan}, S. and 
    {Connolly}, A.~J. and {Cook}, K.~H. and {Ivezic}, {\v Z}. and 
    {Krughoff}, K.~S. and {Petry}, C. and {Ridgway}, S.~T.},
    title = "{The LSST metrics analysis framework (MAF)}",
booktitle = {Observatory Operations: Strategies, Processes, and Systems V},
     year = 2014,
   series = {\procspie},
   volume = 9149,
    month = jul,
      eid = {91490B},
    pages = {91490B},
      doi = {10.1117/12.2056835},
   adsurl = {http://adsabs.harvard.edu/abs/2014SPIE.9149E..0BJ},
  adsnote = {Provided by the SAO/NASA Astrophysics Data System}
}

@INPROCEEDINGS{2014IAUS..304...11I,
   author = {{Ivezi{\'c}}, {\v Z}. and {Brandt}, W.~N. and {Fan}, X. and 
    {MacLeod}, C.~L. and {Richards}, G.~T. and {Yoachim}, P.},
    title = "{Optical selection of quasars: SDSS and LSST}",
 keywords = {surveys, galaxies: active, quasars: general, stars: variables, stars: statistics,},
booktitle = {Multiwavelength AGN Surveys and Studies},
     year = 2014,
   series = {IAU Symposium},
   volume = 304,
archivePrefix = "arXiv",
   eprint = {1312.3963},
 primaryClass = "astro-ph.IM",
   editor = {{Mickaelian}, A.~M. and {Sanders}, D.~B.},
    month = jul,
    pages = {11-17},
      doi = {10.1017/S1743921314003159},
   adsurl = {http://adsabs.harvard.edu/abs/2014IAUS..304...11I},
  adsnote = {Provided by the SAO/NASA Astrophysics Data System}
}

@INPROCEEDINGS{2014AAS...22345306S,
   author = {{Schmitz}, D. and {Yoachim}, P. and {Loebman}, S. and {Debattista}, V.~P. and 
    {Kwak}, S.},
    title = "{Bulge Kinematics of Giant Low Surface Brightness Galaxies}",
booktitle = {American Astronomical Society Meeting Abstracts \#223},
     year = 2014,
   series = {American Astronomical Society Meeting Abstracts},
   volume = 223,
    month = jan,
      eid = {453.06},
    pages = {453.06},
   adsurl = {http://adsabs.harvard.edu/abs/2014AAS...22345306S},
  adsnote = {Provided by the SAO/NASA Astrophysics Data System}
}

@INPROCEEDINGS{2014AAS...22345305Y,
   author = {{Yoachim}, P. and {Schmitz}, D. and {Loebman}, S. and {Debattista}, V.~P. and 
    {Kwak}, S.},
    title = "{IFU Observations of Giant Low Surface Brightness Galaxies}",
booktitle = {American Astronomical Society Meeting Abstracts \#223},
     year = 2014,
   series = {American Astronomical Society Meeting Abstracts},
   volume = 223,
    month = jan,
      eid = {453.05},
    pages = {453.05},
   adsurl = {http://adsabs.harvard.edu/abs/2014AAS...22345305Y},
  adsnote = {Provided by the SAO/NASA Astrophysics Data System}
}

@MISC{2013ascl.soft08015Y,
   author = {{Yoachim}, P.},
    title = "{Ceph\_code: Cepheid light-curves fitting}",
 keywords = {Software},
howpublished = {Astrophysics Source Code Library},
     year = 2013,
    month = aug,
archivePrefix = "ascl",
   eprint = {1308.015},
   adsurl = {http://adsabs.harvard.edu/abs/2013ascl.soft08015Y},
  adsnote = {Provided by the SAO/NASA Astrophysics Data System}
}

@INPROCEEDINGS{2012dmkt.confE..27D,
   author = {{Debattista}, V.~P. and {Ro{\v s}kar}, R. and {Loebman}, S. and 
    {Yoachim}, P. and {Radburn-Smith}, D. and {Quinn}, T. and {Wadsley}, J. and 
    {Dalcanton}, J. and {Ivezic}, Z.},
    title = "{Radial migration}",
booktitle = {Dynamics Meets Kinematic Tracers},
     year = 2012,
    month = apr,
      eid = {27},
    pages = {27},
   adsurl = {http://adsabs.harvard.edu/abs/2012dmkt.confE..27D},
  adsnote = {Provided by the SAO/NASA Astrophysics Data System}
}

@INPROCEEDINGS{2012AAS...21934621S,
   author = {{Spencer}, M. and {Yoachim}, P. and {Loebman}, S.},
    title = "{Constraining the Mass of NGC 4258 with Satellite Galaxies}",
booktitle = {American Astronomical Society Meeting Abstracts \#219},
     year = 2012,
   series = {American Astronomical Society Meeting Abstracts},
   volume = 219,
    month = jan,
      eid = {346.21},
    pages = {346.21},
   adsurl = {http://adsabs.harvard.edu/abs/2012AAS...21934621S},
  adsnote = {Provided by the SAO/NASA Astrophysics Data System}
}

@INPROCEEDINGS{2012AAS...21934612Y,
   author = {{Yoachim}, P. and {Ro{\v s}kar}, R. and {Debattista}, V.~P.},
    title = "{Beyond the Break: Observational Evidence of Stellar Migration}",
booktitle = {American Astronomical Society Meeting Abstracts \#219},
     year = 2012,
   series = {American Astronomical Society Meeting Abstracts},
   volume = 219,
    month = jan,
      eid = {346.12},
    pages = {346.12},
   adsurl = {http://adsabs.harvard.edu/abs/2012AAS...21934612Y},
  adsnote = {Provided by the SAO/NASA Astrophysics Data System}
}

@INPROCEEDINGS{2011iac..talk..297D,
   author = {{Debattista}, V. and {Ro{\v s}kar}, R. and {Loebman}, S. and 
    {Yoachim}, P. and {Radburn-Smith}, D. and {Brooks}, A. and {Stinson}, G. and 
    {Kaufmann}, T. and {Quinn}, T. and {Wadsley}, J. and {Brook}, C. and 
    {Governato}, F. and {Dalcanton}, J. and {Ivezic}, Z.},
    title = "{The Impact of, and Evidence for, Stellar Migration in Disk Galaxies}",
booktitle = {IAC Talks, Astronomy and Astrophysics Seminars from the Instituto de Astrof{\'{\i}}sica de Canarias},
     year = 2011,
    month = jul,
      eid = {297},
    pages = {297},
   adsurl = {http://adsabs.harvard.edu/abs/2011iac..talk..297D},
  adsnote = {Provided by the SAO/NASA Astrophysics Data System}
}

@INPROCEEDINGS{2010ASPC..432..180B,
   author = {{Blanc}, G.~A. and {Gebhardt}, K. and {Heiderman}, A. and {Evans}, II, N.~J. and 
    {Jogee}, S. and {van den Bosch}, R. and {Marinova}, I. and {Weinzirl}, T. and 
    {Yoachim}, P. and {Drory}, N. and {Fabricius}, M. and {Fisher}, D. and 
    {Hao}, L. and {MacQueen}, P.~J. and {Shen}, J. and {Hill}, G.~J. and 
    {Kormendy}, J.},
    title = "{The VIRUS-P Exploration of Nearby Galaxies (VENGA): Survey Design and First Results}",
booktitle = {New Horizons in Astronomy: Frank N. Bash Symposium 2009},
     year = 2010,
   series = {Astronomical Society of the Pacific Conference Series},
   volume = 432,
archivePrefix = "arXiv",
   eprint = {1001.5035},
 primaryClass = "astro-ph.CO",
   editor = {{Stanford}, L.~M. and {Green}, J.~D. and {Hao},, L. and {Mao}, Y.
    },
    month = oct,
    pages = {180},
   adsurl = {http://adsabs.harvard.edu/abs/2010ASPC..432..180B},
  adsnote = {Provided by the SAO/NASA Astrophysics Data System}
}

@INPROCEEDINGS{2010AAS...21641901S,
   author = {{Shane}, M. and {Yoachim}, P.},
    title = "{Satellite Galaxies in Stripe 82}",
booktitle = {American Astronomical Society Meeting Abstracts \#216},
     year = 2010,
   series = {Bulletin of the American Astronomical Society},
   volume = 41,
    month = may,
      eid = {419.01},
    pages = {829},
   adsurl = {http://adsabs.harvard.edu/abs/2010AAS...21641901S},
  adsnote = {Provided by the SAO/NASA Astrophysics Data System}
}

@INPROCEEDINGS{2010AAS...21535405Y,
   author = {{Yoachim}, P. and {Debattista}, V.~P. and {Roskar}, R.},
    title = "{IFU Spectroscopy of Galaxy Truncation}",
booktitle = {American Astronomical Society Meeting Abstracts \#215},
     year = 2010,
   series = {Bulletin of the American Astronomical Society},
   volume = 42,
    month = jan,
      eid = {354.05},
    pages = {537},
   adsurl = {http://adsabs.harvard.edu/abs/2010AAS...21535405Y},
  adsnote = {Provided by the SAO/NASA Astrophysics Data System}
}

@INPROCEEDINGS{2009astro2010S..57C,
   author = {{Covey}, K.~R. and {Beers}, T.~C. and {Bochanski}, J.~J. and 
    {Dhital}, S. and {Ivezic}, Z. and {Juric}, M. and {Kallirai}, J. and 
    {Lepine}, S. and {Mamajek}, E. and {McGehee}, P. and {Meiborn}, S. and 
    {Olsen} and {Knut} and {Saha}, A. and {Sarajedini}, A. and {Stassun}, K. and 
    {Williams}, B. and {Yoachim}, P.},
    title = "{Measuring Stellar Ages and the History of the Milky Way}",
booktitle = {astro2010: The Astronomy and Astrophysics Decadal Survey},
     year = 2009,
   series = {ArXiv Astrophysics e-prints},
   volume = 2010,
   adsurl = {http://adsabs.harvard.edu/abs/2009astro2010S..57C},
  adsnote = {Provided by the SAO/NASA Astrophysics Data System}
}

@INPROCEEDINGS{2009astro2010P..51S,
   author = {{Seth}, A. and {Ag{\"u}eros}, M. and {Covey}, K. and {Danner}, R. and 
    {Jang-Condell}, H. and {Metcalfe}, T. and {Modjaz}, M. and {Rasio}, F. and 
    {Redfield}, S. and {Sheth}, K. and {Waller}, W. and {West}, A. and 
    {Yoachim}, P.},
    title = "{Employment {\amp} Funding in Astronomy}",
booktitle = {astro2010: The Astronomy and Astrophysics Decadal Survey},
     year = 2009,
   series = {ArXiv Astrophysics e-prints},
   volume = 2010,
   adsurl = {http://adsabs.harvard.edu/abs/2009astro2010P..51S},
  adsnote = {Provided by the SAO/NASA Astrophysics Data System}
}

@INPROCEEDINGS{2009AAS...21344312Y,
   author = {{Yoachim}, P. and {Roskar}, R. and {Debattista}, V.~P.},
    title = "{Sailing Off the Edge of Disk Galaxies}",
booktitle = {American Astronomical Society Meeting Abstracts \#213},
     year = 2009,
   series = {Bulletin of the American Astronomical Society},
   volume = 41,
    month = jan,
      eid = {443.12},
    pages = {326},
   adsurl = {http://adsabs.harvard.edu/abs/2009AAS...21344312Y},
  adsnote = {Provided by the SAO/NASA Astrophysics Data System}
}

